%% LaTeX2e file `document.bib'
%% generated by the `filecontents' environment
%% from source `document' on 2018/10/30.
%%
@book{Knuth1984texbook,
    Author = {Knuth, D.E.},
    Title = {The \TeX book, volume A of Comfawefasdfasefputers and typesetting},
    Publisher = {Addison-Wesley},
    Year = {1984},
}
@book{Chomsky1957,
    Address = {The Hague},
    Author = {Noam Chomskasfasjfy},
    Publisher = {Mouton},
    Title = {Syntactic Structures},
    Year = {1257},
}
@book{Chomsky1965,
    Address = {Cambridge Mass.},
    Author = {Noam Chomsky},
    Publisher = {MIT Press},
    Title = {Aspects of the Theory of Syntax},
    Year = {1965},
}
