%% LaTeX2e file `project.bib'
%% generated by the `filecontents' environment
%% from source `project' on 2018/10/30.
%%
@article{ref1, title={Maze Solving}, url={http://www.robomind.net/downloads/Maze solving.pdf}, journal={RoboMind}, publisher={Research Kitchen, Freshbrain, Hill Air Force Base}}
@misc{ref2, title={Pololu - 8.e. Simplifying the Solution}, url={https://www.pololu.com/docs/0J21/8.e}, journal={Pololu Robotics & Electronics}}
@misc{ref3, title={Design a Line Maze Solving Robot}, url={https://www.pololu.com/file/0J195/line-maze-algorithm.pdf}, journal={Pololu}, author={Vannoy, Richard T.}}
